2932 4732
670 808 801 893 Vita.

237 1017 340 1080 Natus
360 1038 433 1080 sum
451 1017 610 1100 Iosephus
627 1015 826 1079 Riehenrann
846 1015 1028 1100 Osnabragi
1047 1037 1073 1079 a.
1098 1017 1127 1079 d.
1148 1016 1234 1080 XIII
1251 1016 1323 1080 Kal.

150 1125 251 1208 April.
276 1125 352 1186 anni
375 1125 471 1187 liuius
496 1125 613 1188 saeculi
638 1122 729 1185 LXV
758 1135 846 1205 patre
869 1123 1018 1208 Josepho,
1041 1130 1141 1187 matre
1164 1123 1325 1207 Sophiae

148 1239 243 1314 gente
272 1230 391 1309 Elbcrt,
415 1251 512 1314 quam
536 1236 736 1314 praematura
758 1238 859 1294 morte
882 1231 961 1293 mihi
981 1236 1120 1313 creptam
1140 1249 1209 1294 esse
1228 1231 1324 1295 valde

150 1339 249 1401 doleo.
310 1337 418 1400 Fidem
462 1336 610 1420 profiteor
648 1337 844 1401 catholicam.
899 1336 1015 1399 Primis
1053 1337 1219 1399 literarum
1261 1338 1325 1401 cle-

149 1447 265 1508 mentis
300 1444 445 1507 imbutus
483 1463 539 1526 per
575 1463 691 1507 novem
729 1463 829 1506 annos
866 1449 898 1506 et
934 1463 993 1506 sex
1029 1462 1155 1506 menses
1186 1464 1323 1527 gymna-

149 1553 234 1615 sium
265 1550 450 1613 Carolinum
480 1549 727 1633 Osnabrugense
749 1551 958 1632 frequentavi.
1014 1549 1207 1613 Maturitatis
1236 1553 1324 1614 testi-

148 1660 255 1721 monio
291 1659 468 1720 instructas
505 1664 660 1720 autumno
699 1659 776 1719 anni
808 1657 837 1720 h.
870 1676 894 1720 s.
927 1655 1091 1737 LXXXI,
1131 1664 1168 1719 ut
1208 1658 1325 1722 studiis

149 1765 346 1848 philologieis
370 1783 496 1846 operam
520 1784 681 1845 navarcm,
713 1764 941 1826 Monasterium
964 1783 1016 1826 mc
1048 1764 1177 1826 contuli.
1239 1763 1325 1828 Vere

149 1873 226 1934 anni
264 1873 294 1933 h.
336 1891 359 1936 s.
393 1869 573 1932 LXXXIII
618 1872 658 1934 ad
696 1872 826 1933 Almam
867 1869 1001 1932 Matrem
1033 1869 1232 1953 Lipsiensem
1272 1890 1324 1934 ac-

149 1981 245 2059 cessi,
282 1978 339 2041 ubi
369 1996 473 2059 usque
510 1978 550 2039 ad
586 1979 646 2041 hoc
672 1985 799 2060 tempus
827 1986 972 2040 versatus
1007 1997 1087 2042 sum.
1132 1975 1324 2045 Docuerunt

148 2105 200 2148 me
231 2086 293 2147 viri
336 2084 543 2146 illustrissimi
580 2084 784 2167 Hagemann,
822 2083 968 2167 Langen,
997 2082 1152 2161 Nichues,
1182 2083 1318 2163 Parmet,

149 2192 305 2272 Sebaefcr,
337 2190 509 2272 Schlucter,
538 2191 636 2272 Stabl,
664 2188 775 2254 Storck
814 2190 1097 2265 Monasterienses3
1122 2189 1317 2274 Bragmann,

88 2302 90 2306 ’
145 2298 284 2379 Curtius,
307 2298 467 2379 Eckstein,
491 2297 608 2381 Lange,
627 2297 764 2380 Lipsius,
787 2297 939 2375 Ribbeck,
963 2296 1145 2380 Striimpell,
1174 2297 1314 2377 Zarncke

143 2405 332 2488 Lipsienses.
388 2406 451 2469 Per
483 2425 605 2469 annum
637 2405 847 2487 proseminan'
879 2403 1148 2485 Monasteriensis,
1178 2424 1234 2488 per
1255 2424 1315 2468 sex

146 2532 273 2576 menses
315 2513 525 2595 proseminari
562 2511 736 2595 Lipsiensis
781 2512 897 2574 sodalis
930 2511 985 2574 iui.
1063 2510 1181 2594 Longi,
1218 2510 1316 2597 Lipsi,

144 2618 298 2682 Ribbecki
323 2619 519 2702 benignitate
543 2620 623 2681 mihi
647 2621 790 2702 contigit,
822 2623 911 2682 utin
930 2619 1097 2681 societates
1116 2620 1315 2702 eorumphi-

144 2726 297 2809 lologicas
330 2727 494 2808 reciperer.
546 2725 690 2788 Zarnckc
718 2726 758 2787 ad
791 2728 1036 2789 exercitationes
1059 2726 1238 2789 theodiscas
1261 2746 1315 2790 mc

142 2833 279 2903 admIsit
776 2848 778 2853 '

229 2939 391 3022 Magistris
414 2941 493 3001 meis
518 2939 676 3017 omnibus
706 2946 832 3021 praeter
856 2946 974 3002 ceteros
994 2945 1102 3003 autem
1126 2938 1243 3024 Lipsio,
1275 2942 1315 3005 de

141 3047 257 3109 studiis
280 3048 360 3108 meis
384 3047 502 3128 optime
526 3048 647 3127 meritc,
679 3047 852 3108 maximam
876 3047 1010 3129 grabam
1034 3046 1142 3110 habeo.
